@Book{Efron93,
  author = 	 {Bradley Efron and Robert J. Tibshirani},
  title = 	 {An Introduction to the Boostrap},
  publisher = 	 {Chapman and Hall},
  year = 	 1993}

@Book{Cumming12,
  author = 	 {Geoff Cumming},
  title = 	 {Understanding the New Statistics: Effect Sizes, Confidence Intervals, and Meta-Analysis},
  publisher = 	 {Routledge},
  year = 	 2012}

@Article{Cumming05,
  author = 	 {G. Cumming and S. Finch},
  title = 	 {Inference by eye: confidence intervals, and how to read pictures of data},
  journal = 	 {American Psychologist},
  year = 	 2005,
  volume = 	 60,
  pages = 	 {532--574}}

@Article{DiCiccio96,
  author = 	 {Thomas J. DiCiccio and Bradley Efron},
  title = 	 {Bootstrap Confidence Intervals},
  journal = 	 {Statistical Science},
  year = 	 1996,
  volume = 	 11,
  number = 	 3,
  pages = 	 {189--228}}

@Article{Schall12,
  author = 	 {Robert Schall},
  title = 	 {The empirical coverage of confidence intervals: Point estimates and confidence intervals for confidence levels},
  journal = 	 {Biometrical Journal},
  year = 	 2012,
  volume = 	 54,
  number = 	 4,
  pages = 	 {537--551},
  doi =       {10.1002/bimj.201100134}}

@Article{Sakai14-forum,
  author = 	 {Tetsuya Sakai},
  title = 	 {Statistical Reform in Information Retrieval?},
  journal = 	 {SIGIR Forum},
  year = 	 2014,
  volume = 	 48,
  number = 	 1,
  pages = 	 {3--12},
  month = 	 {June}}

@InProceedings{Sakai14-fit,
  author = 	 {Tetsuya Sakai},
  title = 	 {Designing Test Collections That Provide Tight Confidence Intervals},
  booktitle = {Proceedings of FIT 2014},
  year = 	 2014}

@InProceedings{Hull93,
  author = 	 {David Hull},
  title = 	 {Using statistical testing in the evaluation of information retrieval results},
  booktitle = {Proceedings of SIGIR 1993},
  year = 	 1993,
  address = 	 {Pittsburgh, PA}}

@Article{Saville90,
  author = 	 {D. J. Saville},
  title = 	 {Multiple comparison procedures: the practical solution},
  journal = 	 {The American Statistician},
  year = 	 1990,
  volume = 	 44,
  pages = 	 {174--180}}

